

@article{shim:jtb12,
author = {Shim, E and Grefenstette, JJ and Albert, SM and Cakouros, BE and Burke, DS}, 
title = {A game dynamic model for vaccine skeptics and vaccine believers: measles as an example}, 
journal={J Theor Biol.}, 
year =2012,
vol=295,
pages = {194–203}
}

@online{dummy,
  title={{Dummy}},
  howpublished = {Web page},
  url ="www.example.com",
  urldate={2017-09-16}
}


@article{bioinformation, 
author={S Sonavane and A A Jaybhaye  and A G Jadhav }, 
title={{Prediction of temperature factors from protein sequence}},
month={},
year={2013},
journal={{Bioinformation}},
volume={9},
issue={3},
pages={134-40},
ISSN = {}
}


@online{cdc_measles,
  title={{Measles Cases and Outbreaks}},
  howpublished = {Web page},
  url ="https://www.cdc.gov/measles/cases-outbreaks.html",
  urldate={2019-10-2}
}

@online{rockland_measles,
  title={{Measles Information}},
  howpublished = {Web page},
  url ="http://rocklandgov.com/departments/health/measles-information/",
  urldate={2019-10-2}
}

@article{ferguson_cummings_fraser_cajka_cooley_burke_2006, title={Strategies for mitigating an influenza pandemic}, volume={442}, DOI={10.1038/nature04795}, number={7101}, journal={Nature}, author={Ferguson, Neil M. and Cummings, Derek A. T. and Fraser, Christophe and Cajka, James C. and Cooley, Philip C. and Burke, Donald S.}, year={2006}, pages={448–452}}

@article{gomes2014assessing,
  title={Assessing the international spreading risk associated with the 2014 West African Ebola outbreak},
  author={Gomes, Marcelo FC and y Piontti, Ana Pastore and Rossi, Luca and Chao, Dennis and Longini, Ira and Halloran, M Elizabeth and Vespignani, Alessandro},
  journal={PLoS currents},
  volume={6},
  year={2014},
  publisher={Public Library of Science}
}

@article{germann2006mitigation,
  title={Mitigation strategies for pandemic influenza in the United States},
  author={Germann, Timothy C and Kadau, Kai and Longini, Ira M and Macken, Catherine A},
  journal={Proceedings of the National Academy of Sciences},
  volume={103},
  number={15},
  pages={5935--5940},
  year={2006},
  publisher={National Acad Sciences}
}

@article{grefenstette2013fred,
  title={FRED (A Framework for Reconstructing Epidemic Dynamics): an open-source software system for modeling infectious diseases and control strategies using census-based populations},
  author={Grefenstette, John J and Brown, Shawn T and Rosenfeld, Roni and DePasse, Jay and Stone, Nathan TB and Cooley, Phillip C and Wheaton, William D and Fyshe, Alona and Galloway, David D and Sriram, Anuroop and others},
  journal={BMC public health},
  volume={13},
  number={1},
  pages={940},
  year={2013},
  publisher={BioMed Central}
}

@online{chhs1,
title= {{CHHS open data: Immunizations in child care by academic year.}},
howpublished={Web Page},
url={ https://data.chhs.ca.gov/dataset/immunizations-in-child-care-by-academic-year}
}


@online{chhs2,
title= {{CHHS open data: School immunizations in kindergarten by academic year.}},
howpublished={Web Page},
url={ https://data.chhs.ca.gov/dataset/school-immunizations-in-kindergarten-by-academic-year/}
}

@online{chhs3,
title= {{CHHS open data: School immunizations in 7th grade by academic year.}},
howpublished={Web Page},
url={ https://data.chhs.ca.gov/dataset/school-immunizations-in-7th-grade-by-academic-year}
}


@online{chhs4,
title= {{CHHS open data: Primary Care Clinic Annual Utilization Data.}},
howpublished={Web Page},
url={https://data.chhs.ca.gov/dataset/primary-care-clinic-annual-utilization-data}
}

@online{medicare,
title= {{Medicare.}},
howpublished={Web Page},
url={https://www.medicare.gov/hospitalcompare/results.html\#dist=25\&state=CA\&lat=0\&lng=0}
}

@article{atwell2013nonmedical,
  title={Nonmedical vaccine exemptions and pertussis in California, 2010},
  author={Atwell, Jessica E and Van Otterloo, Josh and Zipprich, Jennifer and Winter, Kathleen and Harriman, Kathleen and Salmon, Daniel A and Halsey, Neal A and Omer, Saad B},
  journal={Pediatrics},
  volume={132},
  number={4},
  pages={624--630},
  year={2013},
  publisher={Am Acad Pediatrics}
}

@article{carrel2015personal,
  title={Personal belief exemptions to vaccination in California: a spatial analysis},
  author={Carrel, Margaret and Bitterman, Patrick},
  journal={Pediatrics},
  volume={136},
  number={1},
  pages={80--88},
  year={2015},
  publisher={Am Acad Pediatrics}
}

@article{delamater2018examining,
  title={Examining the spatiotemporal evolution of vaccine refusal: nonmedical exemptions from vaccination in California, 2000--2013},
  author={Delamater, Paul L and Leslie, Timothy F and Yang, Y Tony},
  journal={BMC public health},
  volume={18},
  number={1},
  pages={458},
  year={2018},
  publisher={BioMed Central}
}

@article{house2011modelling,
  title={Modelling behavioural contagion},
  author={House, Thomas},
  journal={Journal of The Royal Society Interface},
  volume={8},
  number={59},
  pages={909--912},
  year={2011},
  publisher={The Royal Society}
}

@article{sprague2017evidence,
  title={Evidence for complex contagion models of social contagion from observational data},
  author={Sprague, Daniel A and House, Thomas},
  journal={PloS one},
  volume={12},
  number={7},
  pages={e0180802},
  year={2017},
  publisher={Public Library of Science}
}


@article{SHIM2012194,
title = "A game dynamic model for vaccine skeptics and vaccine believers: Measles as an example",
journal = "Journal of Theoretical Biology",
volume = "295",
pages = "194 - 203",
year = "2012",
issn = "0022-5193",
doi = "https://doi.org/10.1016/j.jtbi.2011.11.005",
url = "http://www.sciencedirect.com/science/article/pii/S0022519311005674",
author = "Eunha Shim and John J. Grefenstette and Steven M. Albert and Brigid E. Cakouros and Donald S. Burke"
}

@inproceedings{prakash2012winner,
  title={Winner takes all: competing viruses or ideas on fair-play networks},
  author={Prakash, B Aditya and Beutel, Alex and Rosenfeld, Roni and Faloutsos, Christos},
  booktitle={Proceedings of the 21st international conference on World Wide Web},
  pages={1037--1046},
  year={2012},
  organization={ACM}
}

@inproceedings{bharathi2007competitive,
  title={Competitive influence maximization in social networks},
  author={Bharathi, Shishir and Kempe, David and Salek, Mahyar},
  booktitle={International workshop on web and internet economics},
  pages={306--311},
  year={2007},
  organization={Springer}
}



@online{cvalue,
title= {Game theory of vaccination},
howpublished={Web Page},
url={https://gravityandlevity.wordpress.com/2016/02/09/game-theory-of-vaccination/}
}

@online{facebook_combine_data,
title= {Social circles: Facebook},
howpublished={Web Page},
url={https://snap.stanford.edu/data/ego-Facebook.html}
}


@article{newman2003structure,
  title={The structure and function of complex networks},
  author={Newman, Mark EJ},
  journal={SIAM review},
  volume={45},
  number={2},
  pages={167--256},
  year={2003},
  publisher={SIAM}
}

@article{grassly2008mathematical,
  title={Mathematical models of infectious disease transmission},
  author={Grassly, Nicholas C and Fraser, Christophe},
  journal={Nature Reviews Microbiology},
  volume={6},
  number={6},
  pages={477},
  year={2008},
  publisher={Nature Publishing Group}
}


@online{twitter_combined_data,
title= {Social circles: Twitter},
howpublished={Web Page},
url={https://snap.stanford.edu/data/egonets-Twitter.html}
}
